@online{foot,
	title = "Footology",
	url = "https://github.com/arditb1997/footology",
	note = "licensed under CC BY 4.0"
}
@online{webvowl,
	title = "WebVOWL",
	url = "https://service.tib.eu/webvowl/"
}
@online{drawio,
	title = "Draw.io",
	url = "https://app.diagrams.net/"
}
@online{schema,
	title = "Schema.org/Person",
	url = "https://schema.org/Person"
}
@online{dbpedia,
	title = "DBpedia",
	url = "https://www.dbpedia.org/"
}